<record><leader>00000cas a22000007a 4500</leader><controlfield tag="001">9524787</controlfield><controlfield tag="008">830519d17851786nyucr ne      0    0eng d</controlfield><controlfield tag="009">3781</controlfield><datafield ind1=" " ind2=" " tag="010"><subfield code="a">sn 83030480 </subfield></datafield><datafield ind1=" " ind2=" " tag="040"><subfield code="a">NPU</subfield><subfield code="b">eng</subfield><subfield code="c">NPU</subfield><subfield code="d">NPX</subfield><subfield code="d">DLC</subfield><subfield code="d">NJW</subfield><subfield code="d">MGN</subfield><subfield code="d">NYS</subfield><subfield code="d">OCL</subfield><subfield code="d">OCLCG</subfield><subfield code="d">KRTAS</subfield><subfield code="d">OCLCF</subfield><subfield code="d">OCLCO</subfield></datafield><datafield ind1="1" ind2=" " tag="029"><subfield code="a">AU@</subfield><subfield code="b">000020126519</subfield></datafield><datafield ind1="0" ind2=" " tag="041"><subfield code="a">engfre</subfield></datafield><datafield ind1=" " ind2=" " tag="042"><subfield code="a">msc</subfield></datafield><datafield ind1="0" ind2="0" tag="050"><subfield code="a">Newspaper</subfield></datafield><datafield ind1="0" ind2="4" tag="245"><subfield code="a">The New-York gazetteer, and the country journal.</subfield></datafield><datafield ind1="0" ind2="0" tag="246"><subfield code="a">New York gazetteer, and the country journal</subfield></datafield><datafield ind1=" " ind2=" " tag="260"><subfield code="a">New York [N.Y.] :</subfield><subfield code="b">Shepard Kollock,</subfield><subfield code="c">1785-1786.</subfield></datafield><datafield ind1=" " ind2=" " tag="300"><subfield code="a">2 v. ;</subfield><subfield code="c">29 cm.</subfield></datafield><datafield ind1=" " ind2=" " tag="310"><subfield code="a">Semiweekly</subfield></datafield><datafield ind1="0" ind2=" " tag="362"><subfield code="a">Vol 1, no. 27 (Mar. 8, 1785)-v. 2, no. 72 (Aug. 11, 1786).</subfield></datafield><datafield ind1=" " ind2=" " tag="546"><subfield code="a">In English; some notices in French.</subfield></datafield><datafield ind1=" " ind2="0" tag="651"><subfield code="a">New York (N.Y.)</subfield><subfield code="v">Newspapers.</subfield></datafield><datafield ind1=" " ind2="7" tag="655"><subfield code="a">Newspapers.</subfield><subfield code="2">fast</subfield><subfield code="0">(OCoLC)fst01423814</subfield></datafield><datafield ind1=" " ind2="7" tag="651"><subfield code="a">New York (State)</subfield><subfield code="z">New York.</subfield><subfield code="2">fast</subfield><subfield code="0">(OCoLC)fst01204333</subfield></datafield><datafield ind1="1" ind2=" " tag="700"><subfield code="a">Kollock, Shepard,</subfield><subfield code="d">1750-1839.</subfield></datafield><datafield ind1=" " ind2=" " tag="752"><subfield code="a">United States</subfield><subfield code="b">New York</subfield><subfield code="c">New York</subfield><subfield code="d">New York.</subfield></datafield><datafield ind1="0" ind2="0" tag="780"><subfield code="t">New-York gazetteer</subfield><subfield code="w">(DLC)sn 83030478</subfield><subfield code="w">(OCoLC)9524747</subfield></datafield><datafield ind1="0" ind2="0" tag="785"><subfield code="t">New-York gazetteer; or, Daily evening-post</subfield><subfield code="w">(DLC)sn 85025048</subfield><subfield code="w">(OCoLC)11558807</subfield></datafield><datafield ind1=" " ind2=" " tag="938"><subfield code="a">Kirtas Technologies, Inc.</subfield><subfield code="b">KRTS</subfield><subfield code="n">736695</subfield></datafield></record>